<record><leader>00000cas a22000007a 4500</leader><controlfield tag="001">17795975</controlfield><controlfield tag="008">880415d19771985txuwr ne      0    0eng d</controlfield><datafield ind1=" " ind2=" " tag="010"><subfield code="a">sn 88083342 </subfield></datafield><datafield ind1=" " ind2=" " tag="040"><subfield code="a">PPM</subfield><subfield code="b">eng</subfield><subfield code="c">PPM</subfield><subfield code="d">OCLCQ</subfield></datafield><datafield ind1=" " ind2=" " tag="042"><subfield code="a">msc</subfield></datafield><datafield ind1="0" ind2="0" tag="245"><subfield code="a">Crowley beacon.</subfield></datafield><datafield ind1=" " ind2=" " tag="260"><subfield code="a">Crowley, Tex. :</subfield><subfield code="b">John R. &amp; Becky S. Edwards</subfield></datafield><datafield ind1=" " ind2=" " tag="310"><subfield code="a">Weekly</subfield></datafield><datafield ind1="0" ind2=" " tag="362"><subfield code="a">Vol. 8, no. 16 (Aug. 4, 1977)-v. 16, no. 25 (Aug. 29, 1985).</subfield></datafield><datafield ind1=" " ind2=" " tag="752"><subfield code="a">United States</subfield><subfield code="b">Texas</subfield><subfield code="c">Tarrant</subfield><subfield code="d">Crowley.</subfield></datafield><datafield ind1="0" ind2="0" tag="780"><subfield code="t">This week's Crowley beacon</subfield><subfield code="w">(DLC)sn 88083358</subfield></datafield></record>